<?xml version="1.0" encoding="UTF-8"?><collection xmlns="http://www.loc.gov/MARC21/slim"><record><leader>00540nam--2200181-u-4500</leader><controlfield tag="001">000052202</controlfield><controlfield tag="002">20161230</controlfield><controlfield tag="005">20161230201050</controlfield><controlfield tag="008">100520s1000------------r-----000-0-eng-d</controlfield><datafield ind1=" " ind2=" " tag="040"><subfield code="a">IFIN-HH</subfield></datafield><datafield ind1="1" ind2=" " tag="100"><subfield code="a">Papoulis, Athanasios</subfield></datafield><datafield ind1="1" ind2="0" tag="245"><subfield code="a">Probability, Random Variables, and Stochastic Processes</subfield><subfield code="c">Athanasios Papoulis</subfield></datafield><datafield ind1=" " ind2=" " tag="260"><subfield code="a">New York</subfield><subfield code="b">McGraw-Hill Book Company</subfield><subfield code="c">1965</subfield></datafield><datafield ind1=" " ind2=" " tag="300"><subfield code="a">583 p</subfield></datafield><datafield ind1=" " ind2=" " tag="490"><subfield code="a">McGraw-Hill Series in Systems Science</subfield></datafield><datafield ind1=" " ind2="4" tag="650"><subfield code="a">Stochastic Processes</subfield></datafield><datafield ind1=" " ind2=" " tag="852"><subfield code="a">21310</subfield><subfield code="c">519.2</subfield></datafield><datafield ind1=" " ind2=" " tag="CAT"><subfield code="a">Sys</subfield><subfield code="c">20100520</subfield><subfield code="h">135807</subfield></datafield></record></collection>